<?xml version="1.0" encoding="UTF-8"?><collection xmlns="http://www.loc.gov/MARC21/slim"><record><leader>00868nam--2200205-u-4500</leader><controlfield tag="001">000053387</controlfield><controlfield tag="002">20161230</controlfield><controlfield tag="005">20161230201051</controlfield><controlfield tag="008">110323s1000------------r-----000-0-eng-d</controlfield><datafield ind1=" " ind2=" " tag="020"><subfield code="a">0821832018</subfield></datafield><datafield ind1=" " ind2=" " tag="040"><subfield code="a">IFIN-HH</subfield></datafield><datafield ind1=" " ind2=" " tag="080"><subfield code="a">51-7:(514+515.1+512)</subfield></datafield><datafield ind1="1" ind2=" " tag="100"><subfield code="a">Voronov, Theodore</subfield></datafield><datafield ind1="1" ind2="0" tag="245"><subfield code="a">Quantization, poisson brackets and beyond;</subfield><subfield code="b">London mathematical society regional meeting and workshop on quantization, deformations, and new homological and categorical methods in mathematical physics july 6-13, 2001; university of manchester institute of science and technology, manchester, unitedd KINGDOM</subfield><subfield code="c">Theodore vornov (ed.)</subfield></datafield><datafield ind1=" " ind2=" " tag="260"><subfield code="a">Providence, Rhode Island</subfield><subfield code="b">American Mathematical Society</subfield><subfield code="c">2002</subfield></datafield><datafield ind1=" " ind2=" " tag="300"><subfield code="a">278P</subfield></datafield><datafield ind1=" " ind2=" " tag="490"><subfield code="a">Contemporary Mathematics</subfield><subfield code="v">Vol. 315</subfield></datafield><datafield ind1=" " ind2="4" tag="650"><subfield code="a">Poisson Brackets</subfield></datafield><datafield ind1=" " ind2=" " tag="852"><subfield code="a">81647</subfield><subfield code="c">530.1</subfield></datafield><datafield ind1=" " ind2=" " tag="CAT"><subfield code="a">Sys</subfield><subfield code="c">20110323</subfield><subfield code="h">141609</subfield></datafield></record></collection>